% This file was created with JabRef 2.10.
% Encoding: UTF8


@Article{arahata2014,
  Title                    = {Muscular dystrophy},
  Author                   = {K. Arahata},
  Journal                  = {Neuropathology},
  Year                     = {2014},

  Doi                      = {10.1046/j.1440-1789.2000.00321.x},
  Owner                    = {signehk},
  Timestamp                = {2016.03.07}
}

@Manual{themusculardystrophyassociation2016,
  Title                    = {Amyotrophic lateral sclerosis - Stages of ALS},
  Author                   = {The Muscular Dystrophy Association},
  Organization             = {The Muscular Dystrophy Association},
  Year                     = {2016},

  Owner                    = {signehk},
  Timestamp                = {2016.02.29},
  Url                      = {https://www.mda.org/disease/amyotrophic-lateral-sclerosis/signs-and-symptoms/stages-of-als}
}

@Manual{atmel2002,
  Title                    = {AVRR222: 8-point Moving Average Filter},
  Author                   = {Atmel},
  Organization             = {Atmel Coropration},
  Year                     = {2002},

  Comment                  = {16-05-2016},
  Owner                    = {signehk},
  Timestamp                = {2016.05.16},
  Url                      = {http://www.atmel.com/Images/doc0940.pdf}
}

@Article{bernmarka2002,
  Title                    = {A triaxial accelerometer for measuring arm movements},
  Author                   = {E. Bernmark and C. Wiktorin},
  Journal                  = {Applied Ergonomics},
  Year                     = {2002},
  Volume                   = {33},

  Doi                      = {10.1016/S0003-6870(02)00072-8},
  Owner                    = {signehk},
  Timestamp                = {2016.04.28}
}

@Article{bogue2015,
  Title                    = {Robotic exoskeletons: a review of recent progress},
  Author                   = {R. Bogue},
  Journal                  = {Emerald Group Publishing Limited},
  Year                     = {2015},
  Volume                   = {42},

  Doi                      = {http://dx.doi.org/10.1108/IR-08-2014-0379},
  Owner                    = {signehk},
  Timestamp                = {2016.02.29}
}

@Book{brandt2010,
  Title                    = {Grundbog om hjælpemidler: til personer med funktionsnedsættelse},
  Author                   = {Å. Brandt and L. Jensen},
  Publisher                = {Gyldendal Akademisk},
  Year                     = {2010},
  Volume                   = {1},

  Doi                      = {9788762808034},
  Owner                    = {signehk},
  Timestamp                = {2016.02.29}
}

@Article{chowdhury2013,
  Title                    = {Surface Electromyography Signal Processing and Classification techniques},
  Author                   = {R. H. Chowdhury and M. B. I. Reaz and M. A. B. M. Ali and others},
  Journal                  = {Department of Electrical, Electronic and Systems Engineering, Universiti Kebangsaan Malaysia,},
  Year                     = {2013},

  Doi                      = {10.3390/s120912431},
  Owner                    = {signehk},
  Timestamp                = {2016.03.10}
}

@Manual{clifford2005,
  Title                    = {Measuring Tilt with Low-g Accelerometers},
  Author                   = {M. Clifford and L. Gomez},
  Year                     = {2005},

  Comment                  = {09-04-2016},
  Owner                    = {signehk},
  Timestamp                = {2016.04.15},
  Url                      = {http://www.nxp.com/files/sensors/doc/app_note/AN3107.pdf}
}

@Manual{cypresspsoc420152,
  Title                    = {PSoC 4 Low-Power Modes and Power Reductions Techniques},
  Author                   = {Cypress},
  Organization             = {Cypress Semiconductor Corporation},

  Comment                  = {16-05-2016},
  Owner                    = {signehk},
  Timestamp                = {2016.05.16},
  Url                      = {http://www.cypress.com/file/121271/download}
}

@Manual{cypresspsoc2015,
  Title                    = {CY8CKIT-142 PSoC 4 BLE module},
  Author                   = {Cypress},
  Organization             = {Cypress Semiconductor Corporation},
  Year                     = {2015},

  Comment                  = {07-03-2016},
  Owner                    = {signehk},
  Timestamp                = {2016.03.07},
  Url                      = {http://www.cypress.com/file/140711/download}
}

@Manual{cypresspsoc42015,
  Title                    = {CY8CKIT-043 PSoC® 4 M-Series Prototyping Kit Guide},
  Author                   = {Cypress},
  Organization             = {Cypress Semiconductor Corporation},
  Year                     = {2015},

  Comment                  = {13-05-2016},
  Owner                    = {signehk},
  Timestamp                = {2016.05.16},
  Url                      = {http://www.cypress.com/file/193101/download}
}

@Manual{ADC2014,
  Title                    = {PSoC 4 Sequencing Successive Approximation ADC},
  Author                   = {Cypress},
  Organization             = {Cypress Semiconductor Corporation},
  Year                     = {2014},

  Comment                  = {09-04-2016},
  Owner                    = {signehk},
  Timestamp                = {2016.04.15},
  Url                      = {http://www.cypress.com/file/135111/download}
}

@Manual{cypressguide2014,
  Title                    = {CY8CKIT-042-BLE Bluetooth Low Energy (BLE) Pioneer Kit Guide},
  Author                   = {Cypress},
  Organization             = {Cypress Semiconductor Corporation},
  Year                     = {2014},

  Comment                  = {07-03-2016},
  Owner                    = {signehk},
  Timestamp                = {2016.03.07},
  Url                      = {http://www.cypress.com/file/229211/download}
}

@Manual{analogdevices2010,
  Title                    = {ADXL335},
  Author                   = {Analog Devices},
  Year                     = {2010},

  Comment                  = {07-03-2016},
  Owner                    = {signehk},
  Timestamp                = {2016.03.07},
  Url                      = {http://www.analog.com/media/en/technical-documentation/data-sheets/ADXL335.pdf}
}

@Manual{analogdevices2009,
  Title                    = {EVAL-ADXL335Z},
  Author                   = {Analog Devices},
  Organization             = {Analog Devices},
  Year                     = {2009},

  Comment                  = {09-03-2016},
  Owner                    = {signehk},
  Timestamp                = {2016.03.10},
  Url                      = {http://www.analog.com/media/en/technical-documentation/evaluation-documentation/EVAL-ADXL335Z.pdf}
}

@Manual{drake2015,
  Title                    = {Amytrophic lateral sclerosis - neurological disorder},
  Author                   = {M. E. Drake},
  Organization             = {Biotechnologic forums},
  Year                     = {2015},

  Comment                  = {29-02-2016},
  Owner                    = {signehk},
  Timestamp                = {2016.03.07},
  Url                      = {http://www.biotechnologyforums.com/thread-6946.html}
}

@Article{erlen2003,
  Title                    = {Technology: possibilities and pitfalls},
  Author                   = {J. A. Erlen},
  Journal                  = {Orthopedic nursing},
  Year                     = {2003},

  Owner                    = {signehk},
  Timestamp                = {2016.02.29}
}

@Article{escamilla2001,
  Title                    = {Knee biomechanics of the dynamic squat exercise},
  Author                   = {R. F. Escamilla
And
M.l W. Krzyzewski},
  Journal                  = {Medicine and Science in Sports and Exercise},
  Year                     = {2001},

  Doi                      = {0195-9131/01/3301-0127/$3.00/0},
  Owner                    = {signehk},
  Timestamp                = {2016.03.10}
}

@Manual{ankle2016,
  Title                    = {Ankle Fracture},
  Author                   = {PA Foot},
  Year                     = {2016},

  Comment                  = {20-03-2016},
  Owner                    = {signehk},
  Timestamp                = {2016.03.29},
  Url                      = {http://pafootdoctors.com/ankle-fractures-stress-fractures-broken-ankle/}
}

@Manual{francis2009,
  Title                    = {Infinite Impulse Response Filter Structures in Xilinx FPGAs},
  Author                   = {M. Francis},
  Organization             = {Xilinx},
  Year                     = {2009},

  Comment                  = {19-05-16},
  Owner                    = {signehk},
  Timestamp                = {2016.05.20},
  Url                      = {http://www.xilinx.com/support/documentation/white_papers/wp330.pdf}
}

@Manual{rcfm2001,
  Title                    = {ALS og vejrtrækning: Hjælpemidler og behandlingsmuligheder},
  Author                   = {O. Gredal and others},
  Organization             = {RehabiliteringsCenter for Muskelsvind},
  Year                     = {2001},

  Owner                    = {signehk},
  Timestamp                = {2016.02.29},
  Url                      = {http://rcfm.dk/wp-content/uploads/2015/02/ALS-og-respiration.pdf}
}

@Book{grehl2011,
  Title                    = {Depression and QOL in patients with ALS: How do self-ratings and ratings by relatives differ?},
  Author                   = {T. Grehl and M. Ruppand and P. Buddle and others},
  Publisher                = {Springer Netherlands},
  Year                     = {2011},

  Doi                      = {1573-2649},
  Owner                    = {signehk},
  Timestamp                = {2016.02.29}
}

@Book{gupta2013,
  Title                    = {nside Bluetooth Low Energy},
  Author                   = {N. Gupta},
  Publisher                = {Artech House},
  Year                     = {2013},

  Doi                      = {9781608075799},
  Owner                    = {signehk},
  Timestamp                = {2016.03.10}
}

@Article{harb2005,
  Title                    = {Fully integrated rectification and bin-integration analog circuit for biomedical signal processing},
  Author                   = {A. Harb and M. Sawan},
  Journal                  = {Electronics Circuits and Systems},
  Year                     = {2005},

  Doi                      = {10.1109/ICECS.2005.4633430},
  Owner                    = {signehk},
  Timestamp                = {2016.04.28}
}

@Manual{hausdorff2000,
  Title                    = {Dynamic markers of altered gait rhythm in amyotrophic lateral sclerosis},
  Author                   = {J. M. Hausdorff and A. Lertratanakul and M. E. Cudkowicz},
  Organization             = {the American Physiological Society},
  Year                     = {2000},

  Comment                  = {16-05-2016},
  Journal                  = {the American Physiological Society},
  Owner                    = {signehk},
  Timestamp                = {2016.05.16},
  Url                      = {http://jap.physiology.org/content/jap/88/6/2045.full.pdf}
}

@Article{hefferman2006,
  Title                    = {Management of respiration in MND/ALS patients: An evidence based review},
  Author                   = {C. Heffernan and C. Jenkinson and T. Holmes and others},
  Journal                  = {Amyotrophic Lateral Sclerosis},
  Year                     = {2006},
  Volume                   = {7},

  Doi                      = {10.1080/14660820510043235},
  Owner                    = {signehk},
  Timestamp                = {2016.02.29}
}

@Article{henschke2012,
  Title                    = {Provision and financing of assistive technology devices in Germany: A bureaucratic odyssey? The case of amyotrophic lateral sclerosis and Duchenne muscular dystrophy},
  Author                   = {C. Henschke},
  Journal                  = {Department of Health Care Management, Technische Universität Berlin, Germany},
  Year                     = {2012},

  Doi                      = {10.1016/j.healthpol.2012.01.013},
  Owner                    = {signehk},
  Timestamp                = {2016.03.07}
}

@Book{seniam2016,
  Title                    = {SENIAM 8: European Recommendations for Surface ElectromMyoGraphy},
  Author                   = {H. J. Hermens and B. Freriks and R. Merletti and others},
  Publisher                = {Roessingh Research and Development},
  Year                     = {1999},

  Doi                      = {90-75452-15-2},
  Owner                    = {signehk},
  Timestamp                = {2016.03.29}
}

@Manual{orthopedics2016,
  Title                    = {Typical Foot Function During Walking},
  Author                   = {TIS Orthopedics II},
  Month                    = {2016},

  Comment                  = {05-03-2016},
  Owner                    = {signehk},
  Timestamp                = {2016.03.07},
  Url                      = {http://www.therapyedu.com/ortho2/ortho2-02.htm}
}

@Article{ilse2015,
  Title                    = {Relationships Between Disease Severity, Social Support
and Health-Related Quality of Life in Patients
with Amyotrophic Lateral Sclerosis},
  Author                   = {B. Ilse and
T. Prell and
M. Walther and others},
  Journal                  = {Social Indicators Research},
  Year                     = {2015},

  Doi                      = {10.1007/s11205-014-0621-y},
  Owner                    = {signehk},
  Timestamp                = {2016.02.29}
}

@Article{keenan2012,
  Title                    = {Electromyography},
  Author                   = {K. G. Keenan and 
R. M. Enoka},
  Journal                  = {Encyclopedia of exercise medicine in health and disease},
  Year                     = {2012},

  Doi                      = {10.1007/978-540-29807-6_298},
  Owner                    = {signehk},
  Timestamp                = {2016.03.10}
}

@Manual{squat2015,
  Title                    = {Chair Squat},
  Author                   = {Workout Labs},
  Year                     = {2015},

  Comment                  = {20-03-2016},
  Owner                    = {signehk},
  Timestamp                = {2016.03.29},
  Url                      = {http://workoutlabs.com/exercise-guide/chair-squat/}
}

@Book{martini2012,
  Title                    = {Fundamentals of Anatomi and Physiology},
  Author                   = {F. H. Martini and J. L. Nath and E. F. Bartholomew},
  Publisher                = {Pearson},
  Year                     = {2012},

  Doi                      = {978-0-321-70933-2},
  Owner                    = {signehk},
  Timestamp                = {2016.02.29}
}

@Manual{regmidt2015,
  Title                    = {Rygmarvsskadet lammet mand lærer at gå},
  Author                   = {Region Midtjylland},
  Year                     = {2015},

  Owner                    = {signehk},
  Timestamp                = {2016.02.29},
  Url                      = {http://www.rm.dk/om-os/aktuelt/nyheder/nyhedsarkiv-2015/december/rygmarvsskadet-lammet-mand-larer-at-ga1/}
}

@Book{miller2005,
  Title                    = {American Academy of Neurology: Amyotrophic Lateral Sclerosis},
  Author                   = {R. G. Miller and D. F. Gelinas and P. O’Connor and others},
  Publisher                = {Demos Medical Publishing},
  Year                     = {2005},

  Doi                      = {9781934559062},
  Owner                    = {signehk},
  Timestamp                = {2016.02.29}
}

@Article{morris2015,
  Title                    = {Amyotrophic Lateral Sclerosis (ALS) and Related
Motor Neuron Diseases: An Overview},
  Author                   = {J. Morris},
  Journal                  = {The Neurodiagnostic Journal},
  Year                     = {2015},

  Doi                      = {10.1080/21646821.2015.1075181},
  Owner                    = {signehk},
  Timestamp                = {2016.02.29}
}

@Manual{instforms2008,
  Title                    = {Muskelsvind},
  Author                   = {Institut for Muskelsvind},
  Year                     = {2008},

  Comment                  = {06-03-2016},
  Owner                    = {signehk},
  Timestamp                = {2016.03.07},
  Url                      = {http://www.aarhus.dk/~/media/Subsites/HandiInfo/Docs/Leksikon/Muskelsvind.pdf}
}

@Manual{hvadermuskelsvind2016,
  Title                    = {Hvad er muskelsvind?},
  Author                   = {Muskelsvindsfonden},
  Organization             = {Muskelsvindsfonden},
  Year                     = {2016},

  Comment                  = {18-02-2016},
  Owner                    = {signehk},
  Timestamp                = {2016.02.29},
  Url                      = {http://muskelsvindfonden.dk/om-muskelsvind/hvad-er-muskelsvind/}
}

@Manual{sygdomsbeskrivelser2016,
  Title                    = {Sygdomsbeskrivelser},
  Author                   = {Muskelsvindsfonden},
  Organization             = {Muskelsvindsfonden},
  Year                     = {2016},

  Comment                  = {18-02-2016},
  Doi                      = {http://muskelsvindfonden.dk/om-muskelsvind/sygdomsbeskrivelser/},
  Owner                    = {signehk},
  Timestamp                = {2016.02.29}
}

@Article{neudert2004,
  Title                    = {Individual Quality of Life is not Correlated with
Health-Related Quality of Life or Physical Function in
Patients with Amyotrophic Lateral Sclerosis},
  Author                   = {C. Neudert and
M. Wasner and 
G. D. Borasio},
  Journal                  = {Journal of palliative medicine},
  Year                     = {2004},
  Volume                   = {7},

  Doi                      = {10.1089/1096621041838443},
  Owner                    = {signehk},
  Timestamp                = {2016.02.29}
}

@Manual{nationalinstitute2016,
  Title                    = {Amyotrophic lateral sclerosis (ALS) Fact sheet},
  Author                   = {National Institute of Neurological Disorders and Stroke},
  Organization             = {National Institute of Neurological Disorders and Stroke},
  Year                     = {2016},

  Comment                  = {25-02-2016},
  Owner                    = {signehk},
  Timestamp                = {2016.02.29},
  Url                      = {nih.gov/disorders/amyotrophiclateralsclerosis/detail_ALS.htm}
}

@Book{nilsson2015,
  Title                    = {Electric Circuits},
  Author                   = {J. W. Nilsson and S. A. Riedel},
  Publisher                = {Pearson Education Limited},
  Year                     = {2015},
  Volume                   = {10},

  Doi                      = {1-292-06054-9},
  Owner                    = {signehk},
  Timestamp                = {2016.04.25}
}

@Article{pagnini2013,
  Title                    = {Psychological wellbeing and quality of life inamyotrophic lateral sclerosis: A review},
  Author                   = {F. Pagnini},
  Journal                  = {International Journal of Psychology},
  Year                     = {2013},
  Volume                   = {48},

  Doi                      = {http://dx.doi.org/10.1080/00207594.2012.691977},
  Owner                    = {signehk},
  Timestamp                = {2016.02.29}
}

@Book{blandford2012,
  Title                    = {Introduction to Digital Signal Processing},
  Author                   = {J. Parr and D. Blandford},
  Publisher                = {Pearson Education},
  Year                     = {2012},

  Doi                      = {9780131394063},
  Owner                    = {signehk},
  Timestamp                = {2016.04.14}
}

@Manual{russell2015,
  Title                    = {Amytrofisk lateral sklerose},
  Author                   = {M. B. Russell and J. S. Andersen and N. Witting and others},
  Organization             = {Lægehåndbogen},

  Comment                  = {18-02-2016},
  Doi                      = {978-82-92002-25-4},
  Owner                    = {signehk},
  Timestamp                = {2016.02.29}
}

@Manual{samarin2012,
  Title                    = {Linear Interpolation},
  Author                   = {M. K. Samarin},
  Organization             = {Encyclopedia of Mathematics},
  Year                     = {2012},

  Owner                    = {signehk},
  Timestamp                = {2016.05.26},
  Url                      = {http://www.encyclopediaofmath.org/index.php?title=Linear_interpolation&oldid=27068}
}

@Article{schoenfeld2010,
  Title                    = {Squatting Kinematics and Kinetics and Their Application to Exercise Performance},
  Author                   = {B. J. Schoenfeld},
  Journal                  = {Journal of Strength and Conditioning Research},
  Year                     = {2010},

  Doi                      = {10.1519/JSC.0b013e3181bac2d7},
  Owner                    = {signehk},
  Timestamp                = {2016.02.29}
}

@Book{smith1999,
  Title                    = {The Scientist and Engineer’s Guide to Digital Signal Processing},
  Author                   = {S. Smith},
  Publisher                = {California Technical Publishing},
  Year                     = {1999},

  Doi                      = {0-9660176-7-6},
  Owner                    = {signehk},
  Timestamp                = {2016.05.26}
}

@Manual{aalborguniversitet2014,
  Title                    = {Studieordning for bacheloruddannelsen i Sundhedsteknologi},
  Author                   = {Studienævnet for Sundhed, Teknologi og Idræt},
  Organization             = {Aalborg Universitet},
  Year                     = {2014},

  Owner                    = {signehk},
  Timestamp                = {2016.05.16},
  Url                      = {http://www.smh.aau.dk/digitalAssets/69/69987_bsc-sundhedsteknologi_2012_ver2_2014.pdf}
}

@Manual{advancertech2013,
  Title                    = {Three-lead Differential Muscle/Electromyography Sensor for Microcontroller Application},
  Author                   = {Advancer Technologies},
  Year                     = {2013},

  Comment                  = {07-03-2016},
  Owner                    = {signehk},
  Timestamp                = {2016.03.08},
  Url                      = {http://cdn.sparkfun.com/datasheets/Sensors/Biometric/Muscle%20Sensor%20v3%20Users%20Manual.pdf}
}

@Manual{tidy2015,
  Title                    = {Motor Neurone Disease},
  Author                   = {C. Tidy},
  Organization             = {Patient},
  Year                     = {2015},

  Owner                    = {signehk},
  Timestamp                = {2016.02.29},
  Url                      = {http://patient.info/health/motor-neurone-disease-leaflet}
}

@Manual{townsend2014,
  Title                    = {Introduction to Bluetooth Low Energy},
  Author                   = {K. Townsend},
  Year                     = {2014},

  Comment                  = {16-05-2016},
  Owner                    = {signehk},
  Timestamp                = {2016.05.16},
  Url                      = {https://cdn-learn.adafruit.com/downloads/pdf/introduction-to-bluetooth-low-energy.pdf}
}

@Article{tramonti2012,
  Title                    = {Balancing between autonomy and
support: Coping strategies by patients with amyotrophic lateral sclerosis},
  Author                   = {F. Tramonti and P. Bongioanni and C. Fanciullacci and others},
  Journal                  = {Journal of the Neurological
Sciences},
  Year                     = {2012},
  Volume                   = {320},

  Doi                      = {10.1016/j.jns.2012.07.006},
  Owner                    = {signehk},
  Timestamp                = {2016.02.29}
}

@Manual{universitet2013,
  Title                    = {Ny viden om alvorlig muskelsygdom},
  Author                   = {Københavns Universitet},
  Organization             = {Københavns Universitet},
  Year                     = {2015},

  Comment                  = {04-03-2016},
  Owner                    = {signehk},
  Timestamp                = {2016.03.07},
  Url                      = {http://sund.ku.dk/nyheder/nyheder2013/ny-viden-om-alvorlig-muskelsygdom/}
}

@Book{webster1998,
  Title                    = {Medical Instrumentation Application and Design},
  Author                   = {J. G. Webster and J. W. Clark},
  Publisher                = {John Wiles And Sons Ltd.},
  Year                     = {1998},
  Volume                   = {3},

  Doi                      = {0471153680},
  Owner                    = {signehk},
  Timestamp                = {2016.04.24}
}

@Manual{wikipedia2016,
  Title                    = {Filter signal processing},
  Author                   = {Wikipedia},
  Organization             = {Wikipedia},
  Year                     = {2016},

  Comment                  = {25-04-2016},
  Owner                    = {signehk},
  Timestamp                = {2016.04.28},
  Url                      = {https://en.wikipedia.org/wiki/Filter_(signal_processing)}
}

@Book{wolf2004,
  Title                    = {Student Reference Manual for Electronic Instrumentation Laboratories},
  Author                   = {S. Wolf and R. F. M. Smith},
  Publisher                = {Prentice Hall},
  Year                     = {2004},
  Volume                   = {2},

  Doi                      = {978-0130421821},
  Owner                    = {signehk},
  Timestamp                = {2016.04.25}
}

@Article{yang2008,
  Title                    = {A review of exoskeleton-type systems and their key technologies},
  Author                   = {C. J. Yang and J. F. Zhang and Y. Chen and others},
  Journal                  = {Journal of Mechanical Engineering Science},
  Year                     = {2008},
  Volume                   = {222},

  Doi                      = {10.1243/09544062JMES936},
  Owner                    = {signehk},
  Timestamp                = {2016.02.29}
}

@Book{morre2003,
  Title                    = {Biomedical Technology and Devices Handbook},
  Author                   = {G. Zouridakis and
J. Moore},
  Year                     = {2003},

  Doi                      = {978-1-4398-7071-6},
  Journal                  = {CRC Press},
  Owner                    = {signehk},
  Timestamp                = {2016.03.10}
}

@Manual{djo,
  Title                    = {DonJoy},
  Organization             = {DJO Global},

  Comment                  = {20-05-2016},
  Owner                    = {signehk},
  Timestamp                = {2016.05.20},
  Url                      = {http://www.djoglobal.eu/en_UK/Donjoy.html}
}

@Manual{aaos2014,
  Title                    = {Anterior cruciate ligament (ACL) injuries},
  Organization             = {American Academy of Orthpaedic Surgeons},
  Year                     = {2014},

  Owner                    = {signehk},
  Timestamp                = {2016.05.26},
  Url                      = {http://orthoinfo.aaos.org/topic.cfm?topic=a00549}
}

@Manual{adc2010,
  Title                    = {Analog to Digital Converter},
  Organization             = {Bildr},
  Year                     = {2010},

  Owner                    = {Soren},
  Timestamp                = {2015.12.07},
  Url                      = {http://wiki.bildr.org/index.php?title=Analog_to_Digital_Converter_(ADC)}
}

