@article{dsam2016,
author = {{Dansk Selskab for Almen Medicin}},
title = {{KOL}},
url = {http://vejledninger.dsam.dk/kol/?mode=visKapitel{\&}cid=942{\&}gotoChapter=942},
year = {2016}
}
@article{Flaschen-Hansen2008,
author = {Flaschen-Hansen, John},
journal = {Encyctop{\ae}dia Britannica},
title = {{Emphysema}},
year = {2008}
}
@article{Frausing2011,
author = {Frausing, Ejvind},
journal = {Lungeforeningen},
title = {{Kronisk bronkitis}},
url = {https://www.lunge.dk/kronisk-bronkitis},
year = {2011}
}
@article{Frausing2011a,
author = {Frausing, Ejvind},
journal = {Lungeforeningen},
title = {{Emfysem}},
url = {https://www.lunge.dk/emfysem},
year = {2011}
}
@book{Basisbogen2016,
author = {Hauschildt, Pernille and Ravn, Jesper},
pages = {Kapitel 15},
title = {{Basisbogen i Medicin og Kirurgi}},
year = {2016}
}
@article{Healthguidances2016,
author = {Healthguidances},
title = {{Are You A Pink Puffer or A Blue Bloater}},
url = {http://www.healthguidances.com/pink-puffer-vs-blue-bloater/},
year = {2016}
}
@article{Lange2015,
author = {Lange, Peter},
journal = {Sygdomsleksikon},
title = {{Kronisk obstruktiv lungesygdom}},
url = {http://www.apoteket.dk/Sygdomsleksikon/SygdommeEgenproduktion/Kronisk bronkitis - KOL  Rygerlunger.aspx},
year = {2015}
}
@article{Martinez2016,
author = {Martinez, Fernado D.},
file = {:Users/Maria/Desktop/nejmra1603287.pdf:pdf},
journal = {Asthma and Airway Disease Research Center, University of Arizona, Tucson.},
title = {{Early-Life Origins of Chronic Obstructive Pulmonary Diease}},
year = {2016}
}
@book{Martini2012,
author = {and Others, Frederic H. Martini},
isbn = {978-0-321-70933-2},
pages = {Kapitel 23},
title = {{Fundamentals of Anatomy {\&} Physiology}},
year = {2012}
}
@book{Sand2008,
author = {and others Sand, Olav},
isbn = {9788712042983},
title = {{Menneskets anatomi og fysiologi}},
year = {2008}
}
@article{Britannica2016,
author = {{The Editors of Encyclop{\ae}dia Britannica}},
journal = {Encyctop{\ae}dia Britannica},
title = {{Bronchitis}},
url = {https://global.britannica.com/science/bronchitis},
year = {2016}
}
